%YAML 1.1
%TAG !u! tag:unity3d.com,2011:
--- !u!1 &1637916586525195379
GameObject:
  m_ObjectHideFlags: 0
  m_CorrespondingSourceObject: {fileID: 0}
  m_PrefabInstance: {fileID: 0}
  m_PrefabAsset: {fileID: 0}
  serializedVersion: 6
  m_Component:
  - component: {fileID: 1637916586525195390}
  - component: {fileID: 1637916586525195389}
  - component: {fileID: 1637916586525195388}
  - component: {fileID: 6506263899554573105}
  m_Layer: 10
  m_Name: Cat Body
  m_TagString: Untagged
  m_Icon: {fileID: 0}
  m_NavMeshLayer: 0
  m_StaticEditorFlags: 0
  m_IsActive: 1
--- !u!4 &1637916586525195390
Transform:
  m_ObjectHideFlags: 0
  m_CorrespondingSourceObject: {fileID: 0}
  m_PrefabInstance: {fileID: 0}
  m_PrefabAsset: {fileID: 0}
  m_GameObject: {fileID: 1637916586525195379}
  m_LocalRotation: {x: 0, y: 0, z: 0, w: 1}
  m_LocalPosition: {x: -0.66252816, y: -0.748, z: 0.23318982}
  m_LocalScale: {x: 1, y: 1, z: 1}
  m_Children:
  - {fileID: 2923902507930998551}
  m_Father: {fileID: 0}
  m_RootOrder: 0
  m_LocalEulerAnglesHint: {x: 0, y: 0, z: 0}
--- !u!136 &1637916586525195389
CapsuleCollider:
  m_ObjectHideFlags: 0
  m_CorrespondingSourceObject: {fileID: 0}
  m_PrefabInstance: {fileID: 0}
  m_PrefabAsset: {fileID: 0}
  m_GameObject: {fileID: 1637916586525195379}
  m_Material: {fileID: 0}
  m_IsTrigger: 0
  m_Enabled: 1
  m_Radius: 0.4
  m_Height: 1.3
  m_Direction: 1
  m_Center: {x: 0, y: 0, z: 0}
--- !u!54 &1637916586525195388
Rigidbody:
  m_ObjectHideFlags: 0
  m_CorrespondingSourceObject: {fileID: 0}
  m_PrefabInstance: {fileID: 0}
  m_PrefabAsset: {fileID: 0}
  m_GameObject: {fileID: 1637916586525195379}
  serializedVersion: 2
  m_Mass: 1
  m_Drag: 0
  m_AngularDrag: 0.05
  m_UseGravity: 1
  m_IsKinematic: 0
  m_Interpolate: 0
  m_Constraints: 0
  m_CollisionDetection: 0
--- !u!114 &6506263899554573105
MonoBehaviour:
  m_ObjectHideFlags: 0
  m_CorrespondingSourceObject: {fileID: 0}
  m_PrefabInstance: {fileID: 0}
  m_PrefabAsset: {fileID: 0}
  m_GameObject: {fileID: 1637916586525195379}
  m_Enabled: 1
  m_EditorHideFlags: 0
  m_Script: {fileID: 11500000, guid: 3b340ef240b15004e9ef0c3a78234469, type: 3}
  m_Name: 
  m_EditorClassIdentifier: 
  m_waitTime: 5
  m_scaleDownTime: 1
--- !u!1001 &7919998963460111373
PrefabInstance:
  m_ObjectHideFlags: 0
  serializedVersion: 2
  m_Modification:
    m_TransformParent: {fileID: 1637916586525195390}
    m_Modifications:
    - target: {fileID: -4216859302048453862, guid: d4abb448b3fd7cc4395d86f5f5365870,
        type: 3}
      propertyPath: m_LocalPosition.x
      value: 0
      objectReference: {fileID: 0}
    - target: {fileID: -4216859302048453862, guid: d4abb448b3fd7cc4395d86f5f5365870,
        type: 3}
      propertyPath: m_LocalPosition.y
      value: -0.5
      objectReference: {fileID: 0}
    - target: {fileID: -4216859302048453862, guid: d4abb448b3fd7cc4395d86f5f5365870,
        type: 3}
      propertyPath: m_LocalPosition.z
      value: 0
      objectReference: {fileID: 0}
    - target: {fileID: -4216859302048453862, guid: d4abb448b3fd7cc4395d86f5f5365870,
        type: 3}
      propertyPath: m_LocalRotation.x
      value: 0
      objectReference: {fileID: 0}
    - target: {fileID: -4216859302048453862, guid: d4abb448b3fd7cc4395d86f5f5365870,
        type: 3}
      propertyPath: m_LocalRotation.y
      value: 0
      objectReference: {fileID: 0}
    - target: {fileID: -4216859302048453862, guid: d4abb448b3fd7cc4395d86f5f5365870,
        type: 3}
      propertyPath: m_LocalRotation.z
      value: 0
      objectReference: {fileID: 0}
    - target: {fileID: -4216859302048453862, guid: d4abb448b3fd7cc4395d86f5f5365870,
        type: 3}
      propertyPath: m_LocalRotation.w
      value: 1
      objectReference: {fileID: 0}
    - target: {fileID: -4216859302048453862, guid: d4abb448b3fd7cc4395d86f5f5365870,
        type: 3}
      propertyPath: m_RootOrder
      value: 0
      objectReference: {fileID: 0}
    - target: {fileID: -4216859302048453862, guid: d4abb448b3fd7cc4395d86f5f5365870,
        type: 3}
      propertyPath: m_LocalEulerAnglesHint.x
      value: 0
      objectReference: {fileID: 0}
    - target: {fileID: -4216859302048453862, guid: d4abb448b3fd7cc4395d86f5f5365870,
        type: 3}
      propertyPath: m_LocalEulerAnglesHint.y
      value: 0
      objectReference: {fileID: 0}
    - target: {fileID: -4216859302048453862, guid: d4abb448b3fd7cc4395d86f5f5365870,
        type: 3}
      propertyPath: m_LocalEulerAnglesHint.z
      value: 0
      objectReference: {fileID: 0}
    - target: {fileID: -1870908911446739063, guid: d4abb448b3fd7cc4395d86f5f5365870,
        type: 3}
      propertyPath: m_Materials.Array.data[0]
      value: 
      objectReference: {fileID: 2100000, guid: 02a353a3e33bca24090ff9fb332bc108, type: 2}
    - target: {fileID: -927199367670048503, guid: d4abb448b3fd7cc4395d86f5f5365870,
        type: 3}
      propertyPath: m_Name
      value: Cat_Body_Stuffing_Asset
      objectReference: {fileID: 0}
    - target: {fileID: 4366228602392825564, guid: d4abb448b3fd7cc4395d86f5f5365870,
        type: 3}
      propertyPath: m_Materials.Array.data[0]
      value: 
      objectReference: {fileID: 2100000, guid: e604cbb5b7e7c3a42ae695855adce40c, type: 2}
    m_RemovedComponents: []
  m_SourcePrefab: {fileID: 100100000, guid: d4abb448b3fd7cc4395d86f5f5365870, type: 3}
--- !u!4 &2923902507930998551 stripped
Transform:
  m_CorrespondingSourceObject: {fileID: -4216859302048453862, guid: d4abb448b3fd7cc4395d86f5f5365870,
    type: 3}
  m_PrefabInstance: {fileID: 7919998963460111373}
  m_PrefabAsset: {fileID: 0}
