%YAML 1.1
%TAG !u! tag:unity3d.com,2011:
--- !u!1 &3425048508330093879
GameObject:
  m_ObjectHideFlags: 0
  m_CorrespondingSourceObject: {fileID: 0}
  m_PrefabInstance: {fileID: 0}
  m_PrefabAsset: {fileID: 0}
  serializedVersion: 6
  m_Component:
  - component: {fileID: 4044249862940893762}
  - component: {fileID: 4710328966191052980}
  - component: {fileID: 1243737423163280665}
  m_Layer: 11
  m_Name: Point Light
  m_TagString: Untagged
  m_Icon: {fileID: 0}
  m_NavMeshLayer: 0
  m_StaticEditorFlags: 0
  m_IsActive: 1
--- !u!4 &4044249862940893762
Transform:
  m_ObjectHideFlags: 0
  m_CorrespondingSourceObject: {fileID: 0}
  m_PrefabInstance: {fileID: 0}
  m_PrefabAsset: {fileID: 0}
  m_GameObject: {fileID: 3425048508330093879}
  m_LocalRotation: {x: 0, y: 0, z: 0, w: 1}
  m_LocalPosition: {x: 0, y: 0, z: 0}
  m_LocalScale: {x: 1, y: 1, z: 1}
  m_Children: []
  m_Father: {fileID: 6910221656804083928}
  m_RootOrder: 1
  m_LocalEulerAnglesHint: {x: 0, y: 0, z: 0}
--- !u!108 &4710328966191052980
Light:
  m_ObjectHideFlags: 0
  m_CorrespondingSourceObject: {fileID: 0}
  m_PrefabInstance: {fileID: 0}
  m_PrefabAsset: {fileID: 0}
  m_GameObject: {fileID: 3425048508330093879}
  m_Enabled: 1
  serializedVersion: 10
  m_Type: 2
  m_Shape: 0
  m_Color: {r: 0.7169812, g: 0.24688502, b: 0.42386237, a: 1}
  m_Intensity: 0.5
  m_Range: 5
  m_SpotAngle: 30
  m_InnerSpotAngle: 21.80208
  m_CookieSize: 10
  m_Shadows:
    m_Type: 0
    m_Resolution: -1
    m_CustomResolution: -1
    m_Strength: 1
    m_Bias: 0.05
    m_NormalBias: 0.4
    m_NearPlane: 0.2
    m_CullingMatrixOverride:
      e00: 1
      e01: 0
      e02: 0
      e03: 0
      e10: 0
      e11: 1
      e12: 0
      e13: 0
      e20: 0
      e21: 0
      e22: 1
      e23: 0
      e30: 0
      e31: 0
      e32: 0
      e33: 1
    m_UseCullingMatrixOverride: 0
  m_Cookie: {fileID: 0}
  m_DrawHalo: 0
  m_Flare: {fileID: 0}
  m_RenderMode: 0
  m_CullingMask:
    serializedVersion: 2
    m_Bits: 4294967295
  m_RenderingLayerMask: 1
  m_Lightmapping: 4
  m_LightShadowCasterMode: 0
  m_AreaSize: {x: 1, y: 1}
  m_BounceIntensity: 0
  m_ColorTemperature: 6570
  m_UseColorTemperature: 0
  m_BoundingSphereOverride: {x: 0, y: 0, z: 0, w: 0}
  m_UseBoundingSphereOverride: 0
  m_ShadowRadius: 0
  m_ShadowAngle: 0
--- !u!114 &1243737423163280665
MonoBehaviour:
  m_ObjectHideFlags: 0
  m_CorrespondingSourceObject: {fileID: 0}
  m_PrefabInstance: {fileID: 0}
  m_PrefabAsset: {fileID: 0}
  m_GameObject: {fileID: 3425048508330093879}
  m_Enabled: 1
  m_EditorHideFlags: 0
  m_Script: {fileID: 11500000, guid: 8ca89da0cca0a5040822d9d65fa7f1a2, type: 3}
  m_Name: 
  m_EditorClassIdentifier: 
  m_primaryColour: {r: 0.7176471, g: 0.24705884, b: 0.42352945, a: 1}
  m_secondaryColour: {r: 0, g: 0, b: 0, a: 0}
  m_time: 1
--- !u!95 &5157704305897618877
Animator:
  serializedVersion: 3
  m_ObjectHideFlags: 0
  m_CorrespondingSourceObject: {fileID: 0}
  m_PrefabInstance: {fileID: 0}
  m_PrefabAsset: {fileID: 0}
  m_GameObject: {fileID: 3476635859451014575}
  m_Enabled: 1
  m_Avatar: {fileID: 0}
  m_Controller: {fileID: 0}
  m_CullingMode: 0
  m_UpdateMode: 0
  m_ApplyRootMotion: 0
  m_LinearVelocityBlending: 0
  m_WarningMessage: 
  m_HasTransformHierarchy: 1
  m_AllowConstantClipSamplingOptimization: 1
  m_KeepAnimatorControllerStateOnDisable: 0
--- !u!1 &7619334263528372939
GameObject:
  m_ObjectHideFlags: 0
  m_CorrespondingSourceObject: {fileID: 0}
  m_PrefabInstance: {fileID: 0}
  m_PrefabAsset: {fileID: 0}
  serializedVersion: 6
  m_Component:
  - component: {fileID: 6910221656804083928}
  - component: {fileID: 4481427045200720567}
  - component: {fileID: 7865850510284521489}
  - component: {fileID: 7663907448218729957}
  - component: {fileID: 1516988331428785596}
  m_Layer: 11
  m_Name: Health
  m_TagString: Untagged
  m_Icon: {fileID: 0}
  m_NavMeshLayer: 0
  m_StaticEditorFlags: 0
  m_IsActive: 1
--- !u!4 &6910221656804083928
Transform:
  m_ObjectHideFlags: 0
  m_CorrespondingSourceObject: {fileID: 0}
  m_PrefabInstance: {fileID: 0}
  m_PrefabAsset: {fileID: 0}
  m_GameObject: {fileID: 7619334263528372939}
  m_LocalRotation: {x: 0, y: -0.0009686622, z: 0, w: 0.9999995}
  m_LocalPosition: {x: -3.77, y: -0.76, z: 7.5949345}
  m_LocalScale: {x: 1, y: 1, z: 1}
  m_Children:
  - {fileID: 460532902155820988}
  - {fileID: 4044249862940893762}
  m_Father: {fileID: 0}
  m_RootOrder: 0
  m_LocalEulerAnglesHint: {x: 0, y: -0.11100001, z: 0}
--- !u!54 &4481427045200720567
Rigidbody:
  m_ObjectHideFlags: 0
  m_CorrespondingSourceObject: {fileID: 0}
  m_PrefabInstance: {fileID: 0}
  m_PrefabAsset: {fileID: 0}
  m_GameObject: {fileID: 7619334263528372939}
  serializedVersion: 2
  m_Mass: 1
  m_Drag: 0
  m_AngularDrag: 0.05
  m_UseGravity: 1
  m_IsKinematic: 0
  m_Interpolate: 0
  m_Constraints: 80
  m_CollisionDetection: 0
--- !u!114 &7865850510284521489
MonoBehaviour:
  m_ObjectHideFlags: 0
  m_CorrespondingSourceObject: {fileID: 0}
  m_PrefabInstance: {fileID: 0}
  m_PrefabAsset: {fileID: 0}
  m_GameObject: {fileID: 7619334263528372939}
  m_Enabled: 1
  m_EditorHideFlags: 0
  m_Script: {fileID: 11500000, guid: cb8c8d9a410d52141b7d43c7792645ed, type: 3}
  m_Name: 
  m_EditorClassIdentifier: 
  m_scoreValue: 100
  m_healthValue: 1
  m_time: 1
  m_mesh: {fileID: 6639248183237166195, guid: 00e7428fb9f2cd74f91af4c5d78312c2, type: 3}
  m_controller: {fileID: 9100000, guid: e4dc9f5cb910b004c8ffd7f23111d2a8, type: 2}
  m_particleEffect: {fileID: 7615518894933662270, guid: 2d8e639aab7e4ec46a689f9ba0465e51,
    type: 3}
  m_pickUpSound: {fileID: 8300000, guid: bfc21b647af846e4b8a564b1d083be24, type: 3}
  m_pitchMin: 1
  m_pitchMax: 1.5
--- !u!136 &7663907448218729957
CapsuleCollider:
  m_ObjectHideFlags: 0
  m_CorrespondingSourceObject: {fileID: 0}
  m_PrefabInstance: {fileID: 0}
  m_PrefabAsset: {fileID: 0}
  m_GameObject: {fileID: 7619334263528372939}
  m_Material: {fileID: 0}
  m_IsTrigger: 0
  m_Enabled: 1
  m_Radius: 0.5
  m_Height: 0.5
  m_Direction: 1
  m_Center: {x: 0, y: 0.25, z: 0}
--- !u!114 &1516988331428785596
MonoBehaviour:
  m_ObjectHideFlags: 0
  m_CorrespondingSourceObject: {fileID: 0}
  m_PrefabInstance: {fileID: 0}
  m_PrefabAsset: {fileID: 0}
  m_GameObject: {fileID: 7619334263528372939}
  m_Enabled: 1
  m_EditorHideFlags: 0
  m_Script: {fileID: 11500000, guid: 3b340ef240b15004e9ef0c3a78234469, type: 3}
  m_Name: 
  m_EditorClassIdentifier: 
  m_waitTime: 20
  m_scaleDownTime: 1
--- !u!1001 &4836462421213787302
PrefabInstance:
  m_ObjectHideFlags: 0
  serializedVersion: 2
  m_Modification:
    m_TransformParent: {fileID: 6910221656804083928}
    m_Modifications:
    - target: {fileID: -4216859302048453862, guid: 8453b4a0febf16b4394ec78006b74bc8,
        type: 3}
      propertyPath: m_LocalPosition.x
      value: -0
      objectReference: {fileID: 0}
    - target: {fileID: -4216859302048453862, guid: 8453b4a0febf16b4394ec78006b74bc8,
        type: 3}
      propertyPath: m_LocalPosition.y
      value: 0
      objectReference: {fileID: 0}
    - target: {fileID: -4216859302048453862, guid: 8453b4a0febf16b4394ec78006b74bc8,
        type: 3}
      propertyPath: m_LocalPosition.z
      value: 0
      objectReference: {fileID: 0}
    - target: {fileID: -4216859302048453862, guid: 8453b4a0febf16b4394ec78006b74bc8,
        type: 3}
      propertyPath: m_LocalRotation.x
      value: 0
      objectReference: {fileID: 0}
    - target: {fileID: -4216859302048453862, guid: 8453b4a0febf16b4394ec78006b74bc8,
        type: 3}
      propertyPath: m_LocalRotation.y
      value: -0
      objectReference: {fileID: 0}
    - target: {fileID: -4216859302048453862, guid: 8453b4a0febf16b4394ec78006b74bc8,
        type: 3}
      propertyPath: m_LocalRotation.z
      value: -0
      objectReference: {fileID: 0}
    - target: {fileID: -4216859302048453862, guid: 8453b4a0febf16b4394ec78006b74bc8,
        type: 3}
      propertyPath: m_LocalRotation.w
      value: 1
      objectReference: {fileID: 0}
    - target: {fileID: -4216859302048453862, guid: 8453b4a0febf16b4394ec78006b74bc8,
        type: 3}
      propertyPath: m_RootOrder
      value: 0
      objectReference: {fileID: 0}
    - target: {fileID: -4216859302048453862, guid: 8453b4a0febf16b4394ec78006b74bc8,
        type: 3}
      propertyPath: m_LocalEulerAnglesHint.x
      value: 0
      objectReference: {fileID: 0}
    - target: {fileID: -4216859302048453862, guid: 8453b4a0febf16b4394ec78006b74bc8,
        type: 3}
      propertyPath: m_LocalEulerAnglesHint.y
      value: 0
      objectReference: {fileID: 0}
    - target: {fileID: -4216859302048453862, guid: 8453b4a0febf16b4394ec78006b74bc8,
        type: 3}
      propertyPath: m_LocalEulerAnglesHint.z
      value: 0
      objectReference: {fileID: 0}
    - target: {fileID: -1504981713932161579, guid: 8453b4a0febf16b4394ec78006b74bc8,
        type: 3}
      propertyPath: m_Materials.Array.data[0]
      value: 
      objectReference: {fileID: 2100000, guid: 43662ae05f32af74f87c64568ae39ea8, type: 2}
    - target: {fileID: -927199367670048503, guid: 8453b4a0febf16b4394ec78006b74bc8,
        type: 3}
      propertyPath: m_Name
      value: Button_Animation
      objectReference: {fileID: 0}
    m_RemovedComponents: []
  m_SourcePrefab: {fileID: 100100000, guid: 8453b4a0febf16b4394ec78006b74bc8, type: 3}
--- !u!1 &3476635859451014575 stripped
GameObject:
  m_CorrespondingSourceObject: {fileID: -927199367670048503, guid: 8453b4a0febf16b4394ec78006b74bc8,
    type: 3}
  m_PrefabInstance: {fileID: 4836462421213787302}
  m_PrefabAsset: {fileID: 0}
--- !u!4 &460532902155820988 stripped
Transform:
  m_CorrespondingSourceObject: {fileID: -4216859302048453862, guid: 8453b4a0febf16b4394ec78006b74bc8,
    type: 3}
  m_PrefabInstance: {fileID: 4836462421213787302}
  m_PrefabAsset: {fileID: 0}
