%YAML 1.1
%TAG !u! tag:unity3d.com,2011:
--- !u!1 &7025967759256224319
GameObject:
  m_ObjectHideFlags: 0
  m_CorrespondingSourceObject: {fileID: 0}
  m_PrefabInstance: {fileID: 0}
  m_PrefabAsset: {fileID: 0}
  serializedVersion: 6
  m_Component:
  - component: {fileID: 7025967759256224256}
  m_Layer: 8
  m_Name: Head Spawn Point
  m_TagString: Untagged
  m_Icon: {fileID: 0}
  m_NavMeshLayer: 0
  m_StaticEditorFlags: 0
  m_IsActive: 1
--- !u!4 &7025967759256224256
Transform:
  m_ObjectHideFlags: 0
  m_CorrespondingSourceObject: {fileID: 0}
  m_PrefabInstance: {fileID: 0}
  m_PrefabAsset: {fileID: 0}
  m_GameObject: {fileID: 7025967759256224319}
  m_LocalRotation: {x: -0, y: -0, z: -0, w: 1}
  m_LocalPosition: {x: 0, y: 1, z: 0}
  m_LocalScale: {x: 1, y: 1, z: 1}
  m_Children: []
  m_Father: {fileID: 7025967759797743585}
  m_RootOrder: 2
  m_LocalEulerAnglesHint: {x: 0, y: 0, z: 0}
--- !u!1 &7025967759327942984
GameObject:
  m_ObjectHideFlags: 0
  m_CorrespondingSourceObject: {fileID: 0}
  m_PrefabInstance: {fileID: 0}
  m_PrefabAsset: {fileID: 0}
  serializedVersion: 6
  m_Component:
  - component: {fileID: 7025967759327942985}
  m_Layer: 8
  m_Name: Body Spawn Point
  m_TagString: Untagged
  m_Icon: {fileID: 0}
  m_NavMeshLayer: 0
  m_StaticEditorFlags: 0
  m_IsActive: 1
--- !u!4 &7025967759327942985
Transform:
  m_ObjectHideFlags: 0
  m_CorrespondingSourceObject: {fileID: 0}
  m_PrefabInstance: {fileID: 0}
  m_PrefabAsset: {fileID: 0}
  m_GameObject: {fileID: 7025967759327942984}
  m_LocalRotation: {x: -0, y: -0, z: -0, w: 1}
  m_LocalPosition: {x: 0, y: 1, z: 0}
  m_LocalScale: {x: 1, y: 1, z: 1}
  m_Children: []
  m_Father: {fileID: 7025967759797743585}
  m_RootOrder: 3
  m_LocalEulerAnglesHint: {x: 0, y: 0, z: 0}
--- !u!1 &7025967759797741596
GameObject:
  m_ObjectHideFlags: 0
  m_CorrespondingSourceObject: {fileID: 0}
  m_PrefabInstance: {fileID: 0}
  m_PrefabAsset: {fileID: 0}
  serializedVersion: 6
  m_Component:
  - component: {fileID: 7025967759797743585}
  - component: {fileID: 7025967759797743584}
  - component: {fileID: 7025967759797743586}
  - component: {fileID: 7025967759797741599}
  - component: {fileID: 7025967759797741597}
  - component: {fileID: 1281322317419539408}
  - component: {fileID: -7606350327200022658}
  - component: {fileID: 5098318079954213950}
  - component: {fileID: 1042911317927510025}
  m_Layer: 8
  m_Name: FrankenStuff Boss
  m_TagString: Enemy
  m_Icon: {fileID: 0}
  m_NavMeshLayer: 0
  m_StaticEditorFlags: 0
  m_IsActive: 1
--- !u!4 &7025967759797743585
Transform:
  m_ObjectHideFlags: 0
  m_CorrespondingSourceObject: {fileID: 0}
  m_PrefabInstance: {fileID: 0}
  m_PrefabAsset: {fileID: 0}
  m_GameObject: {fileID: 7025967759797741596}
  m_LocalRotation: {x: 0, y: 0, z: 0, w: 1}
  m_LocalPosition: {x: 6.1272893, y: -1.5464063, z: 2.9899726}
  m_LocalScale: {x: 2, y: 2, z: 2}
  m_Children:
  - {fileID: 7115626310571305605}
  - {fileID: 5227138186932234955}
  - {fileID: 7025967759256224256}
  - {fileID: 7025967759327942985}
  - {fileID: 7025967760605232304}
  m_Father: {fileID: 0}
  m_RootOrder: 0
  m_LocalEulerAnglesHint: {x: 0, y: 0, z: 0}
--- !u!114 &7025967759797743584
MonoBehaviour:
  m_ObjectHideFlags: 0
  m_CorrespondingSourceObject: {fileID: 0}
  m_PrefabInstance: {fileID: 0}
  m_PrefabAsset: {fileID: 0}
  m_GameObject: {fileID: 7025967759797741596}
  m_Enabled: 1
  m_EditorHideFlags: 0
  m_Script: {fileID: 11500000, guid: c1615ea171222484bbef3baf83db1e8e, type: 3}
  m_Name: 
  m_EditorClassIdentifier: 
  m_properties: {fileID: 11400000, guid: f446680a9f27fe84e9abe153492763c0, type: 2}
  m_visualTransform: {fileID: 0}
  m_target: {fileID: 0}
  m_moveSpeed: 0
  m_damage: 0
  m_buttonSpawn: {fileID: 7025967760605232304}
  m_buttonTypes:
  - {fileID: 8414028703220188131, guid: 79c3763cf31b4844ea34ce0201440aec, type: 3}
  - {fileID: 8414028703220188131, guid: 79c3763cf31b4844ea34ce0201440aec, type: 3}
  - {fileID: 7619334263528372939, guid: 3bc3fd46ee76c9d4aa703b902a9efecb, type: 3}
  - {fileID: 8414028703220188131, guid: 79c3763cf31b4844ea34ce0201440aec, type: 3}
  - {fileID: 7619334263528372939, guid: 3bc3fd46ee76c9d4aa703b902a9efecb, type: 3}
  - {fileID: 8414028703220188131, guid: 79c3763cf31b4844ea34ce0201440aec, type: 3}
  - {fileID: 5727689212009423407, guid: 268d2c91af5d1eb48bf26e3c7d616ee9, type: 3}
  - {fileID: 2452077021221072426, guid: 325165612dc62eb4eade30f9b02ad1e8, type: 3}
  m_buttonDropCount: 2
  m_direction: {x: 0, y: 2, z: 0}
  m_headPopForce: 5
  m_headSpawnPoint: {fileID: 7025967759256224256}
  m_bodySpawnPoint: {fileID: 7025967759327942985}
  m_head: {fileID: 809698710565726358, guid: 284788ec03b740e40ae6d8a0a49ccfe7, type: 3}
  m_body: {fileID: 3298221891972783947, guid: 7b54dc56a8bb1e844b40e404eecd44dc, type: 3}
  m_particles: {fileID: 2489946015193164710}
  m_attackTime: 0.714
  m_getUpTime: 1.192
  m_spawner: {fileID: 0}
  m_boss: 0
  m_beenHit: 0
--- !u!114 &7025967759797743586
MonoBehaviour:
  m_ObjectHideFlags: 0
  m_CorrespondingSourceObject: {fileID: 0}
  m_PrefabInstance: {fileID: 0}
  m_PrefabAsset: {fileID: 0}
  m_GameObject: {fileID: 7025967759797741596}
  m_Enabled: 1
  m_EditorHideFlags: 0
  m_Script: {fileID: 11500000, guid: 8e492684658044045ae4f7c5cbd6c677, type: 3}
  m_Name: 
  m_EditorClassIdentifier: 
  m_health: 100
--- !u!136 &7025967759797741599
CapsuleCollider:
  m_ObjectHideFlags: 0
  m_CorrespondingSourceObject: {fileID: 0}
  m_PrefabInstance: {fileID: 0}
  m_PrefabAsset: {fileID: 0}
  m_GameObject: {fileID: 7025967759797741596}
  m_Material: {fileID: 0}
  m_IsTrigger: 0
  m_Enabled: 1
  m_Radius: 0.5
  m_Height: 2
  m_Direction: 1
  m_Center: {x: 0, y: 1, z: 0}
--- !u!54 &7025967759797741597
Rigidbody:
  m_ObjectHideFlags: 0
  m_CorrespondingSourceObject: {fileID: 0}
  m_PrefabInstance: {fileID: 0}
  m_PrefabAsset: {fileID: 0}
  m_GameObject: {fileID: 7025967759797741596}
  serializedVersion: 2
  m_Mass: 1
  m_Drag: 0
  m_AngularDrag: 0.05
  m_UseGravity: 1
  m_IsKinematic: 0
  m_Interpolate: 0
  m_Constraints: 80
  m_CollisionDetection: 0
--- !u!65 &1281322317419539408
BoxCollider:
  m_ObjectHideFlags: 0
  m_CorrespondingSourceObject: {fileID: 0}
  m_PrefabInstance: {fileID: 0}
  m_PrefabAsset: {fileID: 0}
  m_GameObject: {fileID: 7025967759797741596}
  m_Material: {fileID: 0}
  m_IsTrigger: 1
  m_Enabled: 1
  serializedVersion: 2
  m_Size: {x: 2.5, y: 1.48, z: 2}
  m_Center: {x: 0, y: 1, z: 1.5}
--- !u!195 &-7606350327200022658
NavMeshAgent:
  m_ObjectHideFlags: 0
  m_CorrespondingSourceObject: {fileID: 0}
  m_PrefabInstance: {fileID: 0}
  m_PrefabAsset: {fileID: 0}
  m_GameObject: {fileID: 7025967759797741596}
  m_Enabled: 1
  m_AgentTypeID: 0
  m_Radius: 0.5
  m_Speed: 3.5
  m_Acceleration: 8
  avoidancePriority: 50
  m_AngularSpeed: 120
  m_StoppingDistance: 0
  m_AutoTraverseOffMeshLink: 0
  m_AutoBraking: 0
  m_AutoRepath: 0
  m_Height: 2
  m_BaseOffset: 0
  m_WalkableMask: 4294967295
  m_ObstacleAvoidanceType: 4
--- !u!82 &5098318079954213950
AudioSource:
  m_ObjectHideFlags: 0
  m_CorrespondingSourceObject: {fileID: 0}
  m_PrefabInstance: {fileID: 0}
  m_PrefabAsset: {fileID: 0}
  m_GameObject: {fileID: 7025967759797741596}
  m_Enabled: 1
  serializedVersion: 4
  OutputAudioMixerGroup: {fileID: 0}
  m_audioClip: {fileID: 8300000, guid: 2cfa9e6e2c005c04b8c8a2237e59e33b, type: 3}
  m_PlayOnAwake: 1
  m_Volume: 1
  m_Pitch: 1
  Loop: 1
  Mute: 0
  Spatialize: 0
  SpatializePostEffects: 0
  Priority: 128
  DopplerLevel: 1
  MinDistance: 1
  MaxDistance: 500
  Pan2D: 0
  rolloffMode: 0
  BypassEffects: 0
  BypassListenerEffects: 0
  BypassReverbZones: 0
  rolloffCustomCurve:
    serializedVersion: 2
    m_Curve:
    - serializedVersion: 3
      time: 0
      value: 1
      inSlope: 0
      outSlope: 0
      tangentMode: 0
      weightedMode: 0
      inWeight: 0.33333334
      outWeight: 0.33333334
    - serializedVersion: 3
      time: 1
      value: 0
      inSlope: 0
      outSlope: 0
      tangentMode: 0
      weightedMode: 0
      inWeight: 0.33333334
      outWeight: 0.33333334
    m_PreInfinity: 2
    m_PostInfinity: 2
    m_RotationOrder: 4
  panLevelCustomCurve:
    serializedVersion: 2
    m_Curve:
    - serializedVersion: 3
      time: 0
      value: 0
      inSlope: 0
      outSlope: 0
      tangentMode: 0
      weightedMode: 0
      inWeight: 0.33333334
      outWeight: 0.33333334
    m_PreInfinity: 2
    m_PostInfinity: 2
    m_RotationOrder: 4
  spreadCustomCurve:
    serializedVersion: 2
    m_Curve:
    - serializedVersion: 3
      time: 0
      value: 0
      inSlope: 0
      outSlope: 0
      tangentMode: 0
      weightedMode: 0
      inWeight: 0.33333334
      outWeight: 0.33333334
    m_PreInfinity: 2
    m_PostInfinity: 2
    m_RotationOrder: 4
  reverbZoneMixCustomCurve:
    serializedVersion: 2
    m_Curve:
    - serializedVersion: 3
      time: 0
      value: 1
      inSlope: 0
      outSlope: 0
      tangentMode: 0
      weightedMode: 0
      inWeight: 0.33333334
      outWeight: 0.33333334
    m_PreInfinity: 2
    m_PostInfinity: 2
    m_RotationOrder: 4
--- !u!82 &1042911317927510025
AudioSource:
  m_ObjectHideFlags: 0
  m_CorrespondingSourceObject: {fileID: 0}
  m_PrefabInstance: {fileID: 0}
  m_PrefabAsset: {fileID: 0}
  m_GameObject: {fileID: 7025967759797741596}
  m_Enabled: 1
  serializedVersion: 4
  OutputAudioMixerGroup: {fileID: 0}
  m_audioClip: {fileID: 8300000, guid: 104bed21971e0b446903d30519613423, type: 3}
  m_PlayOnAwake: 0
  m_Volume: 1
  m_Pitch: 1
  Loop: 0
  Mute: 0
  Spatialize: 0
  SpatializePostEffects: 0
  Priority: 128
  DopplerLevel: 1
  MinDistance: 1
  MaxDistance: 500
  Pan2D: 0
  rolloffMode: 0
  BypassEffects: 0
  BypassListenerEffects: 0
  BypassReverbZones: 0
  rolloffCustomCurve:
    serializedVersion: 2
    m_Curve:
    - serializedVersion: 3
      time: 0
      value: 1
      inSlope: 0
      outSlope: 0
      tangentMode: 0
      weightedMode: 0
      inWeight: 0.33333334
      outWeight: 0.33333334
    - serializedVersion: 3
      time: 1
      value: 0
      inSlope: 0
      outSlope: 0
      tangentMode: 0
      weightedMode: 0
      inWeight: 0.33333334
      outWeight: 0.33333334
    m_PreInfinity: 2
    m_PostInfinity: 2
    m_RotationOrder: 4
  panLevelCustomCurve:
    serializedVersion: 2
    m_Curve:
    - serializedVersion: 3
      time: 0
      value: 0
      inSlope: 0
      outSlope: 0
      tangentMode: 0
      weightedMode: 0
      inWeight: 0.33333334
      outWeight: 0.33333334
    m_PreInfinity: 2
    m_PostInfinity: 2
    m_RotationOrder: 4
  spreadCustomCurve:
    serializedVersion: 2
    m_Curve:
    - serializedVersion: 3
      time: 0
      value: 0
      inSlope: 0
      outSlope: 0
      tangentMode: 0
      weightedMode: 0
      inWeight: 0.33333334
      outWeight: 0.33333334
    m_PreInfinity: 2
    m_PostInfinity: 2
    m_RotationOrder: 4
  reverbZoneMixCustomCurve:
    serializedVersion: 2
    m_Curve:
    - serializedVersion: 3
      time: 0
      value: 1
      inSlope: 0
      outSlope: 0
      tangentMode: 0
      weightedMode: 0
      inWeight: 0.33333334
      outWeight: 0.33333334
    m_PreInfinity: 2
    m_PostInfinity: 2
    m_RotationOrder: 4
--- !u!1 &7025967760605232303
GameObject:
  m_ObjectHideFlags: 0
  m_CorrespondingSourceObject: {fileID: 0}
  m_PrefabInstance: {fileID: 0}
  m_PrefabAsset: {fileID: 0}
  serializedVersion: 6
  m_Component:
  - component: {fileID: 7025967760605232304}
  m_Layer: 8
  m_Name: Button Spawn Point
  m_TagString: Untagged
  m_Icon: {fileID: 0}
  m_NavMeshLayer: 0
  m_StaticEditorFlags: 0
  m_IsActive: 1
--- !u!4 &7025967760605232304
Transform:
  m_ObjectHideFlags: 0
  m_CorrespondingSourceObject: {fileID: 0}
  m_PrefabInstance: {fileID: 0}
  m_PrefabAsset: {fileID: 0}
  m_GameObject: {fileID: 7025967760605232303}
  m_LocalRotation: {x: -0, y: -0, z: -0, w: 1}
  m_LocalPosition: {x: 0, y: 1, z: 0}
  m_LocalScale: {x: 1, y: 1, z: 1}
  m_Children: []
  m_Father: {fileID: 7025967759797743585}
  m_RootOrder: 4
  m_LocalEulerAnglesHint: {x: 0, y: 0, z: 0}
--- !u!95 &2227735329697001474
Animator:
  serializedVersion: 3
  m_ObjectHideFlags: 0
  m_CorrespondingSourceObject: {fileID: 0}
  m_PrefabInstance: {fileID: 0}
  m_PrefabAsset: {fileID: 0}
  m_GameObject: {fileID: 9138331016131205336}
  m_Enabled: 1
  m_Avatar: {fileID: 0}
  m_Controller: {fileID: 9100000, guid: 0c18017bbba877d45980ff0b6bccec48, type: 2}
  m_CullingMode: 0
  m_UpdateMode: 0
  m_ApplyRootMotion: 0
  m_LinearVelocityBlending: 0
  m_WarningMessage: 
  m_HasTransformHierarchy: 1
  m_AllowConstantClipSamplingOptimization: 1
  m_KeepAnimatorControllerStateOnDisable: 0
--- !u!1001 &1004358457096143313
PrefabInstance:
  m_ObjectHideFlags: 0
  serializedVersion: 2
  m_Modification:
    m_TransformParent: {fileID: 7025967759797743585}
    m_Modifications:
    - target: {fileID: -4216859302048453862, guid: bb9a184598fb18c40abb05a18bc57822,
        type: 3}
      propertyPath: m_LocalPosition.x
      value: 0
      objectReference: {fileID: 0}
    - target: {fileID: -4216859302048453862, guid: bb9a184598fb18c40abb05a18bc57822,
        type: 3}
      propertyPath: m_LocalPosition.y
      value: 0
      objectReference: {fileID: 0}
    - target: {fileID: -4216859302048453862, guid: bb9a184598fb18c40abb05a18bc57822,
        type: 3}
      propertyPath: m_LocalPosition.z
      value: 0
      objectReference: {fileID: 0}
    - target: {fileID: -4216859302048453862, guid: bb9a184598fb18c40abb05a18bc57822,
        type: 3}
      propertyPath: m_LocalRotation.x
      value: 0
      objectReference: {fileID: 0}
    - target: {fileID: -4216859302048453862, guid: bb9a184598fb18c40abb05a18bc57822,
        type: 3}
      propertyPath: m_LocalRotation.y
      value: 0
      objectReference: {fileID: 0}
    - target: {fileID: -4216859302048453862, guid: bb9a184598fb18c40abb05a18bc57822,
        type: 3}
      propertyPath: m_LocalRotation.z
      value: 0
      objectReference: {fileID: 0}
    - target: {fileID: -4216859302048453862, guid: bb9a184598fb18c40abb05a18bc57822,
        type: 3}
      propertyPath: m_LocalRotation.w
      value: 1
      objectReference: {fileID: 0}
    - target: {fileID: -4216859302048453862, guid: bb9a184598fb18c40abb05a18bc57822,
        type: 3}
      propertyPath: m_RootOrder
      value: 1
      objectReference: {fileID: 0}
    - target: {fileID: -4216859302048453862, guid: bb9a184598fb18c40abb05a18bc57822,
        type: 3}
      propertyPath: m_LocalEulerAnglesHint.x
      value: 0
      objectReference: {fileID: 0}
    - target: {fileID: -4216859302048453862, guid: bb9a184598fb18c40abb05a18bc57822,
        type: 3}
      propertyPath: m_LocalEulerAnglesHint.y
      value: 0
      objectReference: {fileID: 0}
    - target: {fileID: -4216859302048453862, guid: bb9a184598fb18c40abb05a18bc57822,
        type: 3}
      propertyPath: m_LocalEulerAnglesHint.z
      value: 0
      objectReference: {fileID: 0}
    - target: {fileID: -927199367670048503, guid: bb9a184598fb18c40abb05a18bc57822,
        type: 3}
      propertyPath: m_Name
      value: Frankie_Walk_Ani_Test
      objectReference: {fileID: 0}
    - target: {fileID: -879485619043046977, guid: bb9a184598fb18c40abb05a18bc57822,
        type: 3}
      propertyPath: m_Materials.Array.data[0]
      value: 
      objectReference: {fileID: 2100000, guid: 02a353a3e33bca24090ff9fb332bc108, type: 2}
    - target: {fileID: -879485619043046977, guid: bb9a184598fb18c40abb05a18bc57822,
        type: 3}
      propertyPath: m_Materials.Array.data[1]
      value: 
      objectReference: {fileID: 2100000, guid: 02a353a3e33bca24090ff9fb332bc108, type: 2}
    m_RemovedComponents: []
  m_SourcePrefab: {fileID: 100100000, guid: bb9a184598fb18c40abb05a18bc57822, type: 3}
--- !u!1 &9138331016131205336 stripped
GameObject:
  m_CorrespondingSourceObject: {fileID: -927199367670048503, guid: bb9a184598fb18c40abb05a18bc57822,
    type: 3}
  m_PrefabInstance: {fileID: 1004358457096143313}
  m_PrefabAsset: {fileID: 0}
--- !u!4 &5227138186932234955 stripped
Transform:
  m_CorrespondingSourceObject: {fileID: -4216859302048453862, guid: bb9a184598fb18c40abb05a18bc57822,
    type: 3}
  m_PrefabInstance: {fileID: 1004358457096143313}
  m_PrefabAsset: {fileID: 0}
--- !u!1001 &3554013634547436038
PrefabInstance:
  m_ObjectHideFlags: 0
  serializedVersion: 2
  m_Modification:
    m_TransformParent: {fileID: 7025967759797743585}
    m_Modifications:
    - target: {fileID: 823413051822154599, guid: 270a6f84cc6ada946afaa7a2d0584694,
        type: 3}
      propertyPath: m_Name
      value: Hit Particle
      objectReference: {fileID: 0}
    - target: {fileID: 823413051822154599, guid: 270a6f84cc6ada946afaa7a2d0584694,
        type: 3}
      propertyPath: m_Layer
      value: 8
      objectReference: {fileID: 0}
    - target: {fileID: 6047680089907191939, guid: 270a6f84cc6ada946afaa7a2d0584694,
        type: 3}
      propertyPath: m_LocalPosition.x
      value: 0
      objectReference: {fileID: 0}
    - target: {fileID: 6047680089907191939, guid: 270a6f84cc6ada946afaa7a2d0584694,
        type: 3}
      propertyPath: m_LocalPosition.y
      value: 1
      objectReference: {fileID: 0}
    - target: {fileID: 6047680089907191939, guid: 270a6f84cc6ada946afaa7a2d0584694,
        type: 3}
      propertyPath: m_LocalPosition.z
      value: 0
      objectReference: {fileID: 0}
    - target: {fileID: 6047680089907191939, guid: 270a6f84cc6ada946afaa7a2d0584694,
        type: 3}
      propertyPath: m_LocalRotation.x
      value: -0.7071068
      objectReference: {fileID: 0}
    - target: {fileID: 6047680089907191939, guid: 270a6f84cc6ada946afaa7a2d0584694,
        type: 3}
      propertyPath: m_LocalRotation.y
      value: 0
      objectReference: {fileID: 0}
    - target: {fileID: 6047680089907191939, guid: 270a6f84cc6ada946afaa7a2d0584694,
        type: 3}
      propertyPath: m_LocalRotation.z
      value: 0
      objectReference: {fileID: 0}
    - target: {fileID: 6047680089907191939, guid: 270a6f84cc6ada946afaa7a2d0584694,
        type: 3}
      propertyPath: m_LocalRotation.w
      value: 0.7071068
      objectReference: {fileID: 0}
    - target: {fileID: 6047680089907191939, guid: 270a6f84cc6ada946afaa7a2d0584694,
        type: 3}
      propertyPath: m_RootOrder
      value: 0
      objectReference: {fileID: 0}
    - target: {fileID: 6047680089907191939, guid: 270a6f84cc6ada946afaa7a2d0584694,
        type: 3}
      propertyPath: m_LocalEulerAnglesHint.x
      value: -90
      objectReference: {fileID: 0}
    - target: {fileID: 6047680089907191939, guid: 270a6f84cc6ada946afaa7a2d0584694,
        type: 3}
      propertyPath: m_LocalEulerAnglesHint.y
      value: 0
      objectReference: {fileID: 0}
    - target: {fileID: 6047680089907191939, guid: 270a6f84cc6ada946afaa7a2d0584694,
        type: 3}
      propertyPath: m_LocalEulerAnglesHint.z
      value: 0
      objectReference: {fileID: 0}
    m_RemovedComponents: []
  m_SourcePrefab: {fileID: 100100000, guid: 270a6f84cc6ada946afaa7a2d0584694, type: 3}
--- !u!4 &7115626310571305605 stripped
Transform:
  m_CorrespondingSourceObject: {fileID: 6047680089907191939, guid: 270a6f84cc6ada946afaa7a2d0584694,
    type: 3}
  m_PrefabInstance: {fileID: 3554013634547436038}
  m_PrefabAsset: {fileID: 0}
--- !u!198 &2489946015193164710 stripped
ParticleSystem:
  m_CorrespondingSourceObject: {fileID: 1431146494452605344, guid: 270a6f84cc6ada946afaa7a2d0584694,
    type: 3}
  m_PrefabInstance: {fileID: 3554013634547436038}
  m_PrefabAsset: {fileID: 0}
